% This file was created with JabRef 2.8.1.
% Encoding: Cp1252

@ARTICLE{anderson-PhysRev.43.491,
  author = {Anderson, Carl D.},
  title = {The Positive Electron},
  journal = {Phys. Rev.},
  year = {1933},
  volume = {43},
  pages = {491--494},
  month = {Mar},
  doi = {10.1103/PhysRev.43.491},
  issue = {6},
  numpages = {0},
  publisher = {American Physical Society},
  url = {http://link.aps.org/doi/10.1103/PhysRev.43.491}
}

@ARTICLE{GSComptonSuppression,
  author = {A.M. Baxter and T.L. Khoo and M.E. Bleich and M.P. Carpenter and
	I. Ahmad and R.V.F. Janssens and E.F. Moore and I.G. Bearden and
	J.R. Beene and I.Y. Lee},
  title = {Compton-suppression tests on Ge and \{BGO\} prototype detectors for
	\{GAMMASPHERE\} },
  journal = {Nuclear Instruments and Methods in Physics Research Section A: Accelerators,
	Spectrometers, Detectors and Associated Equipment },
  year = {1992},
  volume = {317},
  pages = {101 - 110},
  number = {1–2},
  doi = {http://dx.doi.org/10.1016/0168-9002(92)90597-W},
  issn = {0168-9002},
  url = {http://www.sciencedirect.com/science/article/pii/016890029290597W}
}

@ARTICLE{beausang1996arrays,
  author = {C W Beausang and J Simpson},
  title = {Large arrays of escape suppressed spectrometers for nuclear structure
	experiments},
  journal = {Journal of Physics G: Nuclear and Particle Physics},
  year = {1996},
  volume = {22},
  pages = {527},
  number = {5},
  doi = {10.1088/0954-3899/22/5/003},
  url = {http://dx.doi.org/10.1088/0954-3899/22/5/003}
}

@ARTICLE{bohr1936neutron,
  author = {Bohr, Niels},
  title = {Neutron capture and nuclear constitution},
  journal = {Nature},
  year = {1936},
  volume = {137},
  pages = {344--348},
  number = {3461},
  doi = {10.1038/137344a0},
  url = {http://dx.doi.org/10.1038/137344a0}
}

@ARTICLE{Compton-PhysRev.21.483,
  author = {Compton, Arthur H.},
  title = {A Quantum Theory of the Scattering of X-rays by Light Elements},
  journal = {Phys. Rev.},
  year = {1923},
  volume = {21},
  pages = {483--502},
  month = {May},
  doi = {10.1103/PhysRev.21.483},
  issue = {5},
  numpages = {0},
  publisher = {American Physical Society},
  url = {http://link.aps.org/doi/10.1103/PhysRev.21.483}
}

@ARTICLE{einstein-PE,
  author = {Einstein, A.},
  title = {Über einen die Erzeugung und Verwandlung des Lichtes betreffenden
	heuristischen Gesichtspunkt},
  journal = {Annalen der Physik},
  year = {1905},
  volume = {322},
  pages = {132--148},
  number = {6},
  doi = {10.1002/andp.19053220607},
  issn = {1521-3889},
  publisher = {WILEY-VCH Verlag},
  url = {http://dx.doi.org/10.1002/andp.19053220607}
}

@ARTICLE{fano_factor1,
  author = {Klein, Claude A.},
  title = {Semiconductor Particle Detectors: A Reassessment of the Fano Factor
	Situation},
  journal = {Nuclear Science, IEEE Transactions on},
  year = {1968},
  volume = {15},
  pages = {214-225},
  number = {3},
  month = {June},
  doi = {10.1109/TNS.1968.4324940},
  issn = {0018-9499},
  keywords = {Energy measurement;Fluctuations;Kinetic energy;Optical losses;Optical
	sensors;Phonons;Photonic band gap;Production;Radiation detectors;Temperature
	dependence}
}

@BOOK{knollBook,
  title = {Radiation Detection and Measurement},
  publisher = {John Wiley \& Sons, INc.},
  year = {2000},
  author = {Glenn F. Knoll},
  edition = {Third Ed.}
}

@ARTICLE{TheGS,
  author = {I-Yang Lee},
  title = {The \{GAMMASPHERE\} },
  journal = {Nuclear Physics A },
  year = {1990},
  volume = {520},
  pages = {c641 - c655},
  number = {0},
  note = {Nuclear Structure in the Nineties },
  doi = {http://dx.doi.org/10.1016/0375-9474(90)91181-P},
  issn = {0375-9474},
  url = {http://www.sciencedirect.com/science/article/pii/037594749091181P}
}

@BOOKLET{gsBooklet,
  title = {GAMMASPHERE Online Booklet},
  author = {M.A.Riley and C.Baktash and J.Becker and M.P.Carpenter and R.M.Clark
	and M.Devlin and D.Cline and P.Fallon and D.B.Fossan and S.J.Freedman
	and S.Flibotte and B.K.Fujikawa and D.S.Haslip and R.V.F.Janssens
	and T.L.Khoo and F.G.Kondev and R.Kruecken and D. LaFosse and T.Lauritsen
	and I.Y.Lee and C.J. Lister and A.O. Macchiavelli and P.McMahan and
	W. Nazarewicz and E.B.Norman and L.L.Riedinger and D. Rudolph and
	D.G.Sarantites and F.S.Stephens and J.C.Waddington},
  year = {1998},
  url = {http://nucalf.physics.fsu.edu/~riley/gamma/}
}

@ARTICLE{physicsWithGS,
  author = {Macchiavelli, A.O.},
  title = {Physics with Gammasphere},
  journal = {Il Nuovo Cimento A Series 11},
  year = {1998},
  volume = {111},
  pages = {589-599},
  number = {6-7},
  doi = {10.1007/BF03185325},
  issn = {0369-3546},
  keywords = {X- and ray spectroscopy; Conference proceedings},
  language = {English},
  publisher = {Società Italiana di Fisica},
  url = {http://dx.doi.org/10.1007/BF03185325}
}

@ARTICLE{oppenheimer_PhysRev.44.53.2,
  author = {Oppenheimer, J. R. and Plesset, M. S.},
  title = {On the Production of the Positive Electron},
  journal = {Phys. Rev.},
  year = {1933},
  volume = {44},
  pages = {53--55},
  month = {Jul},
  doi = {10.1103/PhysRev.44.53.2},
  issue = {1},
  numpages = {0},
  publisher = {American Physical Society},
  url = {http://link.aps.org/doi/10.1103/PhysRev.44.53.2}
}

@ARTICLE{trappingResolution,
  author = {Thomas W. Raudorf and Richard H. Pehl},
  title = {Effect of charge carrier trapping on germanium coaxial detector line
	shapes },
  journal = {Nuclear Instruments and Methods in Physics Research Section A: Accelerators,
	Spectrometers, Detectors and Associated Equipment },
  year = {1987},
  volume = {255},
  pages = {538 - 551},
  number = {3},
  doi = {http://dx.doi.org/10.1016/0168-9002(87)91225-3},
  issn = {0168-9002},
  url = {http://www.sciencedirect.com/science/article/pii/0168900287912253}
}

@PHDTHESIS{xfwangDissertation,
  author = {Xiaofeng Wang},
  title = {Exotic Collective Excitations at High Spin: Triaxial Rotation and
	Octupole Condensation},
  school = {University of Notre Dame},
  year = {2008},
  owner = {James Matta},
  timestamp = {2015.04.09}
}

@BOOKLET{gsDocumentation,
  title = {GAMMASPHERE Online Documentation},
  author = {T Lauritsen},
  year = {2015},
  url = {http://www.phy.anl.gov/gammasphere/doc/}
}